<record><leader>01641cam a2200457 a 45 0</leader><controlfield tag="001">6799383</controlfield><controlfield tag="003">OCoLC</controlfield><controlfield tag="005">20150204163953.0</controlfield><controlfield tag="006">m        d        </controlfield><controlfield tag="007">cr |||||||||||</controlfield><controlfield tag="008">141121s2015    cau     o     001 0 eng d</controlfield><datafield ind1=" " ind2=" " tag="015"><subfield code="a">GBB4D5325</subfield><subfield code="2">bnb</subfield></datafield><datafield ind1=" " ind2=" " tag="015"><subfield code="a">GBB4D3879</subfield><subfield code="2">bnb</subfield></datafield><datafield ind1="7" ind2=" " tag="016"><subfield code="a">016956501</subfield><subfield code="2">Uk</subfield></datafield><datafield ind1="7" ind2=" " tag="016"><subfield code="a">016955053</subfield><subfield code="2">Uk</subfield></datafield><datafield ind1=" " ind2=" " tag="020"><subfield code="a">9781483387918 (online)</subfield></datafield><datafield ind1=" " ind2=" " tag="020"><subfield code="a">9781483312194 (ebook)</subfield></datafield><datafield ind1=" " ind2=" " tag="020"><subfield code="a">1483312194 (ebook)</subfield></datafield><datafield ind1=" " ind2=" " tag="020"><subfield code="z">9781452258683 (hbk.)</subfield></datafield><datafield ind1=" " ind2=" " tag="035"><subfield code="a">ocn897446528</subfield></datafield><datafield ind1=" " ind2=" " tag="039"><subfield code="a">exclude</subfield></datafield><datafield ind1=" " ind2=" " tag="040"><subfield code="a">UKMGB</subfield><subfield code="b">eng</subfield><subfield code="c">UKMGB</subfield><subfield code="d">OCLCO</subfield><subfield code="d">AEU</subfield></datafield><datafield ind1="0" ind2="4" tag="082"><subfield code="a">658.155</subfield><subfield code="2">23</subfield></datafield><datafield ind1=" " ind2=" " tag="090"><subfield code="a">Internet Access</subfield><subfield code="b">AEU</subfield></datafield><datafield ind1="0" ind2="4" tag="245"><subfield code="a">The SAGE handbook of risk communication /</subfield><subfield code="c">edited by Hyunyi Cho, Tursten Reimer, Katherine A. McComas.</subfield></datafield><datafield ind1="3" ind2="0" tag="246"><subfield code="a">Handbook of risk communication</subfield></datafield><datafield ind1=" " ind2="1" tag="264"><subfield code="a">Los Angeles :</subfield><subfield code="b">SAGE,</subfield><subfield code="c">2015.</subfield></datafield><datafield ind1=" " ind2=" " tag="300"><subfield code="a">1 online resource.</subfield></datafield><datafield ind1=" " ind2=" " tag="336"><subfield code="a">text</subfield><subfield code="2">rdacontent</subfield></datafield><datafield ind1=" " ind2=" " tag="337"><subfield code="a">computer</subfield><subfield code="2">rdamedia</subfield></datafield><datafield ind1=" " ind2=" " tag="338"><subfield code="a">online resource</subfield><subfield code="2">rdacarrier</subfield></datafield><datafield ind1=" " ind2=" " tag="504"><subfield code="a">Includes bibliographical references and index.</subfield></datafield><datafield ind1=" " ind2=" " tag="506"><subfield code="a">Access restricted to authorized users and institutions.</subfield></datafield><datafield ind1=" " ind2=" " tag="588"><subfield code="a">Description based on CIP data; item not viewed.</subfield></datafield><datafield ind1=" " ind2=" " tag="596"><subfield code="a">44</subfield></datafield><datafield ind1=" " ind2="0" tag="650"><subfield code="a">Risk communication.</subfield></datafield><datafield ind1="1" ind2=" " tag="700"><subfield code="a">Cho, Hyunyi,</subfield><subfield code="e">editor.</subfield></datafield><datafield ind1="1" ind2=" " tag="700"><subfield code="a">Reimer, Tursten,</subfield><subfield code="e">editor.</subfield></datafield><datafield ind1="1" ind2=" " tag="700"><subfield code="a">McComas, Katherine,</subfield><subfield code="e">editor.</subfield></datafield><datafield ind1="4" ind2="0" tag="856"><subfield code="3">University of Alberta Access</subfield><subfield code="u">http://dx.doi.org/10.4135/9781483387918</subfield><subfield code="z">(Unlimited Concurrent Users)</subfield><subfield code="z">from SAGE Reference Handbooks</subfield></datafield><datafield ind1=" " ind2=" " tag="926"><subfield code="a">Internet Access</subfield><subfield code="w">LC</subfield><subfield code="c">1</subfield><subfield code="i">6799383-1001</subfield><subfield code="l">INTERNET</subfield><subfield code="m">UAINTERNET</subfield><subfield code="r">Y</subfield><subfield code="s">Y</subfield><subfield code="t">E-RESOURCE</subfield><subfield code="u">2/4/2015</subfield><subfield code="x">E-BOOK</subfield><subfield code="z">SAGERH</subfield></datafield></record>